% Encoding: UTF-8

% Fecha: 11 de noviembre de 2018
% Version: 0.1
% ====================================================================
%
%
%%- Ejemplo de Libro -%% ---------------------------------------------
@INBOOK{proakis2008digital,
	author={John G. Proakis and Masoud Salehi}, 
	title={Digital Communications},
	publisher={McGraw-Hill}, 
	address = {New York, NY, USA},
	isbn={978–0–07–295716–7}, 
	year = {2008},
	chapter = {7-8},
	pages = {400-589},
	edition = {5th},
}

%%- Ejemplo de artículo -%% ------------------------------------------
@ARTICLE{sandoval2017hybrid, 
	author={F. Sandoval and G. Poitau and F. Gagnon}, 
	journal={IEEE Access}, 
	title={Hybrid Peak-to-Average Power Ratio Reduction Techniques: Review and Performance Comparison}, 
	year={2017}, 
	volume={5}, 
	number={}, 
	pages={27145-27161}, 
	keywords={OFDM modulation;error statistics;optimisation;radio networks;signal classification;BER;OFDM signal;PAPR problem;PAPR reduction techniques;bit error rate;bit rate reduction;hybrid peak-to-average power ratio reduction techniques;hybrid techniques;multicarrier modulation technique;optimization;orthogonal frequency division multiplexing;performance comparison;performance evaluation;review;wireless communication;Bit error rate;Gain;MIMO;Modulation;Peak to average power ratio;Wireless communication;Orthogonal frequency division multiplexing;commercial communication;high power amplifier;hybrid PAPR reduction technique;peak-to-average power ratio;tactical communication}, 
	note = {{DOI}: \url{10.1109/ACCESS.2017.2775859}},
	ISSN={}, 
	month={},
}

%%- Ejemplo PHD thesis -%% -------------------------------------------
@PhdThesis{yi2009investigation,
	author = {Wang Yi and Gu Linfeng},
	title =  {An Investigation of Peak-to-Average Power Reduction in {MIMO-OFDM} Systems},
	school = {Blekinge Institute of Technology},
	address = {Blekinge, Sweden},
	year =   {2009},
}

%%- Ejemplo de Patente -%% -------------------------------------------
@patent{liu2010harq,
	title={{HARQ} method and system},
	author={Liu, Fang and Pan, Zhengang and Chen, Lan},
	nationality   = {United States},
	number        = {7,760,812},
	dayfiled      = {14},
	monthfiled    = {Dec},
	yearfiled     = {2006},
	day           = {20},
	month         = {Jul.},
	year          = {2010}
}

%%- Ejemplo de Código -%% --------------------------------------------
@inbook{ramezani2007ofdm,
	title = {{OFDM} High Power Amplifier Effects},
	author = {Hamid Ramezani},
	year = {2007},
	publisher = {{MATLAB} Central File Exchange},
	note = {\url{https://www.mathworks.com/matlabcentral/fileexchange/15331}},
	note = {{R}etrieved Feb 17, 2017},
}

@online{utpl2008campus,
	author = {UTPL},
	title = {Campus},
	date = {19 de abril de 2008},
	note = {\url{https://www.flickr.com/photos/utpl/2423561295/in/album-72157604594546005/}},
	year = {2008},
}

@Comment{jabref-meta: databaseType:biblatex;}
